%YAML 1.1
%TAG !u! tag:unity3d.com,2011:
--- !u!1 &5944831952477259239
GameObject:
  m_ObjectHideFlags: 0
  m_CorrespondingSourceObject: {fileID: 0}
  m_PrefabInstance: {fileID: 0}
  m_PrefabAsset: {fileID: 0}
  serializedVersion: 6
  m_Component:
  - component: {fileID: 1110489989421765472}
  m_Layer: 0
  m_Name: PLACE_VIEW
  m_TagString: Untagged
  m_Icon: {fileID: 5132851093641282708, guid: 0000000000000000d000000000000000, type: 0}
  m_NavMeshLayer: 0
  m_StaticEditorFlags: 0
  m_IsActive: 1
--- !u!4 &1110489989421765472
Transform:
  m_ObjectHideFlags: 0
  m_CorrespondingSourceObject: {fileID: 0}
  m_PrefabInstance: {fileID: 0}
  m_PrefabAsset: {fileID: 0}
  m_GameObject: {fileID: 5944831952477259239}
  m_LocalRotation: {x: -0, y: -0, z: -0, w: 1}
  m_LocalPosition: {x: 0, y: 1.084, z: 0}
  m_LocalScale: {x: 1, y: 1, z: 1}
  m_Children: []
  m_Father: {fileID: 8711158437661252658}
  m_RootOrder: 0
  m_LocalEulerAnglesHint: {x: 0, y: 0, z: 0}
--- !u!1 &8712767693190006852
GameObject:
  m_ObjectHideFlags: 0
  m_CorrespondingSourceObject: {fileID: 0}
  m_PrefabInstance: {fileID: 0}
  m_PrefabAsset: {fileID: 0}
  serializedVersion: 6
  m_Component:
  - component: {fileID: 8711158441506853450}
  m_Layer: 0
  m_Name: Bip001-R-Clavicle
  m_TagString: Untagged
  m_Icon: {fileID: 0}
  m_NavMeshLayer: 0
  m_StaticEditorFlags: 0
  m_IsActive: 1
--- !u!4 &8711158441506853450
Transform:
  m_ObjectHideFlags: 0
  m_CorrespondingSourceObject: {fileID: 0}
  m_PrefabInstance: {fileID: 0}
  m_PrefabAsset: {fileID: 0}
  m_GameObject: {fileID: 8712767693190006852}
  m_LocalRotation: {x: 0.6038337, y: 0.11424156, z: 0.7807343, w: -0.113082685}
  m_LocalPosition: {x: -0.018720465, y: 0.0024246825, z: -0.0456641}
  m_LocalScale: {x: 0.99999976, y: 0.99999976, z: 0.99999964}
  m_Children:
  - {fileID: 8711158440088480826}
  m_Father: {fileID: 8711158441395570624}
  m_RootOrder: 2
  m_LocalEulerAnglesHint: {x: 0, y: 0, z: 0}
--- !u!1 &8712767693297194984
GameObject:
  m_ObjectHideFlags: 0
  m_CorrespondingSourceObject: {fileID: 0}
  m_PrefabInstance: {fileID: 0}
  m_PrefabAsset: {fileID: 0}
  serializedVersion: 6
  m_Component:
  - component: {fileID: 8711158440179692332}
  m_Layer: 0
  m_Name: R_cloth01
  m_TagString: Untagged
  m_Icon: {fileID: 0}
  m_NavMeshLayer: 0
  m_StaticEditorFlags: 0
  m_IsActive: 1
--- !u!4 &8711158440179692332
Transform:
  m_ObjectHideFlags: 0
  m_CorrespondingSourceObject: {fileID: 0}
  m_PrefabInstance: {fileID: 0}
  m_PrefabAsset: {fileID: 0}
  m_GameObject: {fileID: 8712767693297194984}
  m_LocalRotation: {x: 0.8929414, y: -0.44562137, z: -0.031508073, w: -0.055538464}
  m_LocalPosition: {x: -0.15051891, y: 0.037831277, z: 0.0068201264}
  m_LocalScale: {x: 1.0000001, y: 0.99999976, z: 0.9999997}
  m_Children:
  - {fileID: 8711158442606069870}
  m_Father: {fileID: 8711158441240822850}
  m_RootOrder: 1
  m_LocalEulerAnglesHint: {x: 0, y: 0, z: 0}
--- !u!1 &8712767693347402262
GameObject:
  m_ObjectHideFlags: 0
  m_CorrespondingSourceObject: {fileID: 0}
  m_PrefabInstance: {fileID: 0}
  m_PrefabAsset: {fileID: 0}
  serializedVersion: 6
  m_Component:
  - component: {fileID: 8711158440661335248}
  m_Layer: 0
  m_Name: Bip001-R-Finger0
  m_TagString: Untagged
  m_Icon: {fileID: 0}
  m_NavMeshLayer: 0
  m_StaticEditorFlags: 0
  m_IsActive: 1
--- !u!4 &8711158440661335248
Transform:
  m_ObjectHideFlags: 0
  m_CorrespondingSourceObject: {fileID: 0}
  m_PrefabInstance: {fileID: 0}
  m_PrefabAsset: {fileID: 0}
  m_GameObject: {fileID: 8712767693347402262}
  m_LocalRotation: {x: -0.64398426, y: 0.37192774, z: -0.11308736, w: 0.65891224}
  m_LocalPosition: {x: -0.009779733, y: -0.007770262, z: 0.02972826}
  m_LocalScale: {x: 1.0000002, y: 0.9999999, z: 1}
  m_Children:
  - {fileID: 8711158439132646916}
  m_Father: {fileID: 8711158440783056200}
  m_RootOrder: 0
  m_LocalEulerAnglesHint: {x: 0, y: 0, z: 0}
--- !u!1 &8712767693408641714
GameObject:
  m_ObjectHideFlags: 0
  m_CorrespondingSourceObject: {fileID: 0}
  m_PrefabInstance: {fileID: 0}
  m_PrefabAsset: {fileID: 0}
  serializedVersion: 6
  m_Component:
  - component: {fileID: 8711158440898635926}
  - component: {fileID: 8722572283927029270}
  m_Layer: 0
  m_Name: Pagan_SKEL
  m_TagString: Untagged
  m_Icon: {fileID: 0}
  m_NavMeshLayer: 0
  m_StaticEditorFlags: 0
  m_IsActive: 1
--- !u!4 &8711158440898635926
Transform:
  m_ObjectHideFlags: 0
  m_CorrespondingSourceObject: {fileID: 0}
  m_PrefabInstance: {fileID: 0}
  m_PrefabAsset: {fileID: 0}
  m_GameObject: {fileID: 8712767693408641714}
  m_LocalRotation: {x: -0.7071068, y: 0, z: -0, w: 0.7071068}
  m_LocalPosition: {x: -0, y: 0, z: 0}
  m_LocalScale: {x: 1, y: 1, z: 1}
  m_Children: []
  m_Father: {fileID: 8711158437661252658}
  m_RootOrder: 2
  m_LocalEulerAnglesHint: {x: 0, y: 0, z: 0}
--- !u!137 &8722572283927029270
SkinnedMeshRenderer:
  m_ObjectHideFlags: 0
  m_CorrespondingSourceObject: {fileID: 0}
  m_PrefabInstance: {fileID: 0}
  m_PrefabAsset: {fileID: 0}
  m_GameObject: {fileID: 8712767693408641714}
  m_Enabled: 1
  m_CastShadows: 1
  m_ReceiveShadows: 1
  m_DynamicOccludee: 1
  m_MotionVectors: 1
  m_LightProbeUsage: 1
  m_ReflectionProbeUsage: 1
  m_RenderingLayerMask: 4294967295
  m_RendererPriority: 0
  m_Materials:
  - {fileID: 2100000, guid: aa02f18d04920b34da343218f84f58c6, type: 2}
  m_StaticBatchInfo:
    firstSubMesh: 0
    subMeshCount: 0
  m_StaticBatchRoot: {fileID: 0}
  m_ProbeAnchor: {fileID: 0}
  m_LightProbeVolumeOverride: {fileID: 0}
  m_ScaleInLightmap: 1
  m_PreserveUVs: 0
  m_IgnoreNormalsForChartDetection: 0
  m_ImportantGI: 0
  m_StitchLightmapSeams: 0
  m_SelectedEditorRenderState: 3
  m_MinimumChartSize: 4
  m_AutoUVMaxDistance: 0.5
  m_AutoUVMaxAngle: 89
  m_LightmapParameters: {fileID: 0}
  m_SortingLayerID: 0
  m_SortingLayer: 0
  m_SortingOrder: 0
  serializedVersion: 2
  m_Quality: 0
  m_UpdateWhenOffscreen: 0
  m_SkinnedMotionVectors: 1
  m_Mesh: {fileID: 4300000, guid: 9e354668997aa4743ae3c4e2c495d8f3, type: 3}
  m_Bones:
  - {fileID: 8711158442656140202}
  - {fileID: 8711158441488214950}
  - {fileID: 8711158437976872098}
  - {fileID: 8711158438843503286}
  - {fileID: 8711158441886480032}
  - {fileID: 8711158441240822850}
  - {fileID: 8711158440088480826}
  - {fileID: 8711158438912204032}
  - {fileID: 8711158438752109394}
  - {fileID: 8711158439972408340}
  - {fileID: 8711158439270808164}
  - {fileID: 8711158438723748728}
  - {fileID: 8711158441506853450}
  - {fileID: 8711158437643991302}
  - {fileID: 8711158440783056200}
  - {fileID: 8711158440179692332}
  - {fileID: 8711158440661335248}
  - {fileID: 8711158442606069870}
  - {fileID: 8711158440384533018}
  - {fileID: 8711158440968369088}
  - {fileID: 8711158442876154086}
  - {fileID: 8711158439590758868}
  - {fileID: 8711158439679550510}
  - {fileID: 8711158442639834776}
  - {fileID: 8711158441786004328}
  - {fileID: 8711158442847233232}
  - {fileID: 8711158440823337572}
  - {fileID: 8711158437804734544}
  - {fileID: 8711158440212041318}
  - {fileID: 8711158437622248610}
  - {fileID: 8711158441581574564}
  - {fileID: 8711158439036766178}
  - {fileID: 8711158440693088826}
  - {fileID: 8711158439132646916}
  - {fileID: 8711158442608162930}
  - {fileID: 8711158442643371884}
  - {fileID: 8711158442689111158}
  - {fileID: 8711158440174208354}
  - {fileID: 8711158442933136116}
  - {fileID: 8711158439865508430}
  - {fileID: 8711158440212773178}
  - {fileID: 8711158439327610802}
  - {fileID: 8711158441395570624}
  m_BlendShapeWeights: []
  m_RootBone: {fileID: 8711158441886480032}
  m_AABB:
    m_Center: {x: 0.06753762, y: 0.00000037252903, z: -0.034543753}
    m_Extent: {x: 0.30711842, y: 0.3930995, z: 0.62628907}
  m_DirtyAABB: 0
--- !u!1 &8712767693724954268
GameObject:
  m_ObjectHideFlags: 0
  m_CorrespondingSourceObject: {fileID: 0}
  m_PrefabInstance: {fileID: 0}
  m_PrefabAsset: {fileID: 0}
  serializedVersion: 6
  m_Component:
  - component: {fileID: 8711158437992397268}
  m_Layer: 0
  m_Name: Dummy_root
  m_TagString: Untagged
  m_Icon: {fileID: 0}
  m_NavMeshLayer: 0
  m_StaticEditorFlags: 0
  m_IsActive: 1
--- !u!4 &8711158437992397268
Transform:
  m_ObjectHideFlags: 0
  m_CorrespondingSourceObject: {fileID: 0}
  m_PrefabInstance: {fileID: 0}
  m_PrefabAsset: {fileID: 0}
  m_GameObject: {fileID: 8712767693724954268}
  m_LocalRotation: {x: -0.7071068, y: 0, z: -0, w: 0.7071068}
  m_LocalPosition: {x: -0, y: 0, z: 0}
  m_LocalScale: {x: 1, y: 1, z: 1}
  m_Children:
  - {fileID: 8711158441886480032}
  m_Father: {fileID: 8711158437661252658}
  m_RootOrder: 1
  m_LocalEulerAnglesHint: {x: 0, y: 0, z: 0}
--- !u!1 &8712767693771428216
GameObject:
  m_ObjectHideFlags: 0
  m_CorrespondingSourceObject: {fileID: 0}
  m_PrefabInstance: {fileID: 0}
  m_PrefabAsset: {fileID: 0}
  serializedVersion: 6
  m_Component:
  - component: {fileID: 8711158437897760780}
  m_Layer: 0
  m_Name: Bip001-L-Toe0
  m_TagString: Untagged
  m_Icon: {fileID: 0}
  m_NavMeshLayer: 0
  m_StaticEditorFlags: 0
  m_IsActive: 1
--- !u!4 &8711158437897760780
Transform:
  m_ObjectHideFlags: 0
  m_CorrespondingSourceObject: {fileID: 0}
  m_PrefabInstance: {fileID: 0}
  m_PrefabAsset: {fileID: 0}
  m_GameObject: {fileID: 8712767693771428216}
  m_LocalRotation: {x: -0.0000004348234, y: 0.00000045589667, z: -0.70710665, w: 0.7071069}
  m_LocalPosition: {x: -0.08858683, y: 0.045737907, z: 0.0000008720398}
  m_LocalScale: {x: 0.9999999, y: 0.99999976, z: 0.9999999}
  m_Children: []
  m_Father: {fileID: 8711158439590758868}
  m_RootOrder: 0
  m_LocalEulerAnglesHint: {x: 0, y: 0, z: 0}
--- !u!1 &8712767693790451760
GameObject:
  m_ObjectHideFlags: 0
  m_CorrespondingSourceObject: {fileID: 0}
  m_PrefabInstance: {fileID: 0}
  m_PrefabAsset: {fileID: 0}
  serializedVersion: 6
  m_Component:
  - component: {fileID: 8711158440968369088}
  m_Layer: 0
  m_Name: Bip001-L-Thigh
  m_TagString: Untagged
  m_Icon: {fileID: 0}
  m_NavMeshLayer: 0
  m_StaticEditorFlags: 0
  m_IsActive: 1
--- !u!4 &8711158440968369088
Transform:
  m_ObjectHideFlags: 0
  m_CorrespondingSourceObject: {fileID: 0}
  m_PrefabInstance: {fileID: 0}
  m_PrefabAsset: {fileID: 0}
  m_GameObject: {fileID: 8712767693790451760}
  m_LocalRotation: {x: 0.007838066, y: 0.9916826, z: 0.09934846, w: 0.081449926}
  m_LocalPosition: {x: -0, y: 0.00000010123399, z: 0.05916452}
  m_LocalScale: {x: 0.99999994, y: 0.99999994, z: 1.0000001}
  m_Children:
  - {fileID: 8711158442876154086}
  m_Father: {fileID: 8711158438912204032}
  m_RootOrder: 0
  m_LocalEulerAnglesHint: {x: 0, y: 0, z: 0}
--- !u!1 &8712767694187749660
GameObject:
  m_ObjectHideFlags: 0
  m_CorrespondingSourceObject: {fileID: 0}
  m_PrefabInstance: {fileID: 0}
  m_PrefabAsset: {fileID: 0}
  serializedVersion: 6
  m_Component:
  - component: {fileID: 8711158437643991302}
  m_Layer: 0
  m_Name: Bip001-Head
  m_TagString: Untagged
  m_Icon: {fileID: 0}
  m_NavMeshLayer: 0
  m_StaticEditorFlags: 0
  m_IsActive: 1
--- !u!4 &8711158437643991302
Transform:
  m_ObjectHideFlags: 0
  m_CorrespondingSourceObject: {fileID: 0}
  m_PrefabInstance: {fileID: 0}
  m_PrefabAsset: {fileID: 0}
  m_GameObject: {fileID: 8712767694187749660}
  m_LocalRotation: {x: -0.0000014024725, y: -0.0000005674751, z: 0.060374234, w: 0.9981758}
  m_LocalPosition: {x: -0.08775375, y: 0, z: 0.000000004865937}
  m_LocalScale: {x: 0.9999997, y: 0.9999999, z: 0.9999998}
  m_Children:
  - {fileID: 8711158438729815966}
  - {fileID: 8711158437622248610}
  - {fileID: 8711158440384533018}
  m_Father: {fileID: 8711158441395570624}
  m_RootOrder: 0
  m_LocalEulerAnglesHint: {x: 0, y: 0, z: 0}
--- !u!1 &8712767694313287244
GameObject:
  m_ObjectHideFlags: 0
  m_CorrespondingSourceObject: {fileID: 0}
  m_PrefabInstance: {fileID: 0}
  m_PrefabAsset: {fileID: 0}
  serializedVersion: 6
  m_Component:
  - component: {fileID: 8711158442606069870}
  m_Layer: 0
  m_Name: R_cloth02
  m_TagString: Untagged
  m_Icon: {fileID: 0}
  m_NavMeshLayer: 0
  m_StaticEditorFlags: 0
  m_IsActive: 1
--- !u!4 &8711158442606069870
Transform:
  m_ObjectHideFlags: 0
  m_CorrespondingSourceObject: {fileID: 0}
  m_PrefabInstance: {fileID: 0}
  m_PrefabAsset: {fileID: 0}
  m_GameObject: {fileID: 8712767694313287244}
  m_LocalRotation: {x: 0.00000014238698, y: -0.00000007291489, z: 0.011205196, w: 0.99993724}
  m_LocalPosition: {x: -0.17688239, y: 0, z: 0.000000048446655}
  m_LocalScale: {x: 1.0000004, y: 1, z: 1}
  m_Children: []
  m_Father: {fileID: 8711158440179692332}
  m_RootOrder: 0
  m_LocalEulerAnglesHint: {x: 0, y: 0, z: 0}
--- !u!1 &8712767694336149010
GameObject:
  m_ObjectHideFlags: 0
  m_CorrespondingSourceObject: {fileID: 0}
  m_PrefabInstance: {fileID: 0}
  m_PrefabAsset: {fileID: 0}
  serializedVersion: 6
  m_Component:
  - component: {fileID: 8711158442656140202}
  m_Layer: 0
  m_Name: Bip001-L-Finger01
  m_TagString: Untagged
  m_Icon: {fileID: 0}
  m_NavMeshLayer: 0
  m_StaticEditorFlags: 0
  m_IsActive: 1
--- !u!4 &8711158442656140202
Transform:
  m_ObjectHideFlags: 0
  m_CorrespondingSourceObject: {fileID: 0}
  m_PrefabInstance: {fileID: 0}
  m_PrefabAsset: {fileID: 0}
  m_GameObject: {fileID: 8712767694336149010}
  m_LocalRotation: {x: -0.0000010572141, y: 0.00000012023872, z: -0.31920317, w: 0.9476863}
  m_LocalPosition: {x: -0.0491345, y: 0.000000024223327, z: -0.000000012111664}
  m_LocalScale: {x: 0.9999996, y: 0.9999997, z: 0.99999946}
  m_Children: []
  m_Father: {fileID: 8711158440823337572}
  m_RootOrder: 0
  m_LocalEulerAnglesHint: {x: 0, y: 0, z: 0}
--- !u!1 &8712767694427301496
GameObject:
  m_ObjectHideFlags: 0
  m_CorrespondingSourceObject: {fileID: 0}
  m_PrefabInstance: {fileID: 0}
  m_PrefabAsset: {fileID: 0}
  serializedVersion: 6
  m_Component:
  - component: {fileID: 8711158441240822850}
  m_Layer: 0
  m_Name: Bip001-R-Forearm
  m_TagString: Untagged
  m_Icon: {fileID: 0}
  m_NavMeshLayer: 0
  m_StaticEditorFlags: 0
  m_IsActive: 1
--- !u!4 &8711158441240822850
Transform:
  m_ObjectHideFlags: 0
  m_CorrespondingSourceObject: {fileID: 0}
  m_PrefabInstance: {fileID: 0}
  m_PrefabAsset: {fileID: 0}
  m_GameObject: {fileID: 8712767694427301496}
  m_LocalRotation: {x: 0.00000021249896, y: -0.00000007868944, z: 0.12338884, w: 0.9923584}
  m_LocalPosition: {x: -0.19747403, y: 0.000000012111664, z: -0.000000048446655}
  m_LocalScale: {x: 0.99999994, y: 0.9999998, z: 1.0000002}
  m_Children:
  - {fileID: 8711158440783056200}
  - {fileID: 8711158440179692332}
  m_Father: {fileID: 8711158440088480826}
  m_RootOrder: 0
  m_LocalEulerAnglesHint: {x: 0, y: 0, z: 0}
--- !u!1 &8712767694510708966
GameObject:
  m_ObjectHideFlags: 0
  m_CorrespondingSourceObject: {fileID: 0}
  m_PrefabInstance: {fileID: 0}
  m_PrefabAsset: {fileID: 0}
  serializedVersion: 6
  m_Component:
  - component: {fileID: 8711158438729815966}
  m_Layer: 0
  m_Name: Bip001-HeadNub
  m_TagString: Untagged
  m_Icon: {fileID: 0}
  m_NavMeshLayer: 0
  m_StaticEditorFlags: 0
  m_IsActive: 1
--- !u!4 &8711158438729815966
Transform:
  m_ObjectHideFlags: 0
  m_CorrespondingSourceObject: {fileID: 0}
  m_PrefabInstance: {fileID: 0}
  m_PrefabAsset: {fileID: 0}
  m_GameObject: {fileID: 8712767694510708966}
  m_LocalRotation: {x: -0.000000041650438, y: 0.000000713301, z: -0.00000024586907,
    w: 1}
  m_LocalPosition: {x: -0.12739861, y: 0.000000024223327, z: 0.0000007605377}
  m_LocalScale: {x: 1.0000001, y: 1.0000001, z: 1.0000001}
  m_Children:
  - {fileID: 8711158441433456520}
  m_Father: {fileID: 8711158437643991302}
  m_RootOrder: 0
  m_LocalEulerAnglesHint: {x: 0, y: 0, z: 0}
--- !u!1 &8712767694524162688
GameObject:
  m_ObjectHideFlags: 0
  m_CorrespondingSourceObject: {fileID: 0}
  m_PrefabInstance: {fileID: 0}
  m_PrefabAsset: {fileID: 0}
  serializedVersion: 6
  m_Component:
  - component: {fileID: 8711158441547692210}
  m_Layer: 0
  m_Name: Bip001-R-Toe0
  m_TagString: Untagged
  m_Icon: {fileID: 0}
  m_NavMeshLayer: 0
  m_StaticEditorFlags: 0
  m_IsActive: 1
--- !u!4 &8711158441547692210
Transform:
  m_ObjectHideFlags: 0
  m_CorrespondingSourceObject: {fileID: 0}
  m_PrefabInstance: {fileID: 0}
  m_PrefabAsset: {fileID: 0}
  m_GameObject: {fileID: 8712767694524162688}
  m_LocalRotation: {x: -0.0000005259982, y: 0.00000020989694, z: -0.70710695, w: 0.70710665}
  m_LocalPosition: {x: -0.08858638, y: 0.045738358, z: 0.00000082359315}
  m_LocalScale: {x: 0.9999998, y: 0.9999997, z: 1.0000001}
  m_Children: []
  m_Father: {fileID: 8711158439270808164}
  m_RootOrder: 0
  m_LocalEulerAnglesHint: {x: 0, y: 0, z: 0}
--- !u!1 &8712767694553627370
GameObject:
  m_ObjectHideFlags: 0
  m_CorrespondingSourceObject: {fileID: 0}
  m_PrefabInstance: {fileID: 0}
  m_PrefabAsset: {fileID: 0}
  serializedVersion: 6
  m_Component:
  - component: {fileID: 8711158438723748728}
  m_Layer: 0
  m_Name: Bip001-Spine3
  m_TagString: Untagged
  m_Icon: {fileID: 0}
  m_NavMeshLayer: 0
  m_StaticEditorFlags: 0
  m_IsActive: 1
--- !u!4 &8711158438723748728
Transform:
  m_ObjectHideFlags: 0
  m_CorrespondingSourceObject: {fileID: 0}
  m_PrefabInstance: {fileID: 0}
  m_PrefabAsset: {fileID: 0}
  m_GameObject: {fileID: 8712767694553627370}
  m_LocalRotation: {x: 0.00000071129784, y: 0.000000013038481, z: 0.000000011175867,
    w: 1}
  m_LocalPosition: {x: -0.06969119, y: -0.00012924356, z: 0.000000006447004}
  m_LocalScale: {x: 0.99999964, y: 0.9999998, z: 0.9999998}
  m_Children:
  - {fileID: 8711158441395570624}
  m_Father: {fileID: 8711158439865508430}
  m_RootOrder: 0
  m_LocalEulerAnglesHint: {x: 0, y: 0, z: 0}
--- !u!1 &8712767694637341102
GameObject:
  m_ObjectHideFlags: 0
  m_CorrespondingSourceObject: {fileID: 0}
  m_PrefabInstance: {fileID: 0}
  m_PrefabAsset: {fileID: 0}
  serializedVersion: 6
  m_Component:
  - component: {fileID: 8711158437804734544}
  m_Layer: 0
  m_Name: L_cloth02
  m_TagString: Untagged
  m_Icon: {fileID: 0}
  m_NavMeshLayer: 0
  m_StaticEditorFlags: 0
  m_IsActive: 1
--- !u!4 &8711158437804734544
Transform:
  m_ObjectHideFlags: 0
  m_CorrespondingSourceObject: {fileID: 0}
  m_PrefabInstance: {fileID: 0}
  m_PrefabAsset: {fileID: 0}
  m_GameObject: {fileID: 8712767694637341102}
  m_LocalRotation: {x: -0.00000007717267, y: -0.00000023756881, z: -0.011205232, w: 0.99993724}
  m_LocalPosition: {x: -0.17688233, y: -0.00000012111664, z: 0}
  m_LocalScale: {x: 1, y: 0.9999999, z: 0.9999999}
  m_Children: []
  m_Father: {fileID: 8711158442639834776}
  m_RootOrder: 0
  m_LocalEulerAnglesHint: {x: 0, y: 0, z: 0}
--- !u!1 &8712767694735723870
GameObject:
  m_ObjectHideFlags: 0
  m_CorrespondingSourceObject: {fileID: 0}
  m_PrefabInstance: {fileID: 0}
  m_PrefabAsset: {fileID: 0}
  serializedVersion: 6
  m_Component:
  - component: {fileID: 8711158442643371884}
  m_Layer: 0
  m_Name: Bip001-R-Finger11
  m_TagString: Untagged
  m_Icon: {fileID: 0}
  m_NavMeshLayer: 0
  m_StaticEditorFlags: 0
  m_IsActive: 1
--- !u!4 &8711158442643371884
Transform:
  m_ObjectHideFlags: 0
  m_CorrespondingSourceObject: {fileID: 0}
  m_PrefabInstance: {fileID: 0}
  m_PrefabAsset: {fileID: 0}
  m_GameObject: {fileID: 8712767694735723870}
  m_LocalRotation: {x: 0.102700844, y: -0.05101734, z: -0.6336537, w: 0.7650705}
  m_LocalPosition: {x: -0.043288734, y: 0.000000036334992, z: 0}
  m_LocalScale: {x: 1.0000002, y: 1.0000001, z: 1}
  m_Children: []
  m_Father: {fileID: 8711158442608162930}
  m_RootOrder: 0
  m_LocalEulerAnglesHint: {x: 0, y: 0, z: 0}
--- !u!1 &8712767694777734478
GameObject:
  m_ObjectHideFlags: 0
  m_CorrespondingSourceObject: {fileID: 0}
  m_PrefabInstance: {fileID: 0}
  m_PrefabAsset: {fileID: 0}
  serializedVersion: 6
  m_Component:
  - component: {fileID: 8711158440783056200}
  m_Layer: 0
  m_Name: Bip001-R-Hand
  m_TagString: Untagged
  m_Icon: {fileID: 0}
  m_NavMeshLayer: 0
  m_StaticEditorFlags: 0
  m_IsActive: 1
--- !u!4 &8711158440783056200
Transform:
  m_ObjectHideFlags: 0
  m_CorrespondingSourceObject: {fileID: 0}
  m_PrefabInstance: {fileID: 0}
  m_PrefabAsset: {fileID: 0}
  m_GameObject: {fileID: 8712767694777734478}
  m_LocalRotation: {x: 0.77954566, y: -0.021629015, z: -0.05319745, w: 0.6237073}
  m_LocalPosition: {x: -0.18104602, y: -0.00000003027916, z: 0.000000048446655}
  m_LocalScale: {x: 0.9999999, y: 0.99999976, z: 1.0000002}
  m_Children:
  - {fileID: 8711158440661335248}
  - {fileID: 8711158442608162930}
  - {fileID: 8711158442689111158}
  m_Father: {fileID: 8711158441240822850}
  m_RootOrder: 0
  m_LocalEulerAnglesHint: {x: 0, y: 0, z: 0}
--- !u!1 &8712767694947092990
GameObject:
  m_ObjectHideFlags: 0
  m_CorrespondingSourceObject: {fileID: 0}
  m_PrefabInstance: {fileID: 0}
  m_PrefabAsset: {fileID: 0}
  serializedVersion: 6
  m_Component:
  - component: {fileID: 8711158439036766178}
  m_Layer: 0
  m_Name: Bip001-L-Finger11
  m_TagString: Untagged
  m_Icon: {fileID: 0}
  m_NavMeshLayer: 0
  m_StaticEditorFlags: 0
  m_IsActive: 1
--- !u!4 &8711158439036766178
Transform:
  m_ObjectHideFlags: 0
  m_CorrespondingSourceObject: {fileID: 0}
  m_PrefabInstance: {fileID: 0}
  m_PrefabAsset: {fileID: 0}
  m_GameObject: {fileID: 8712767694947092990}
  m_LocalRotation: {x: -0.1027007, y: 0.051017545, z: -0.6336536, w: 0.7650706}
  m_LocalPosition: {x: -0.043288734, y: 0.00000008478165, z: 0}
  m_LocalScale: {x: 1.0000005, y: 0.99999976, z: 0.99999964}
  m_Children: []
  m_Father: {fileID: 8711158441581574564}
  m_RootOrder: 0
  m_LocalEulerAnglesHint: {x: 0, y: 0, z: 0}
--- !u!1 &8712767695092189876
GameObject:
  m_ObjectHideFlags: 0
  m_CorrespondingSourceObject: {fileID: 0}
  m_PrefabInstance: {fileID: 0}
  m_PrefabAsset: {fileID: 0}
  serializedVersion: 6
  m_Component:
  - component: {fileID: 8711158439679550510}
  m_Layer: 0
  m_Name: Bip001-L-Clavicle
  m_TagString: Untagged
  m_Icon: {fileID: 0}
  m_NavMeshLayer: 0
  m_StaticEditorFlags: 0
  m_IsActive: 1
--- !u!4 &8711158439679550510
Transform:
  m_ObjectHideFlags: 0
  m_CorrespondingSourceObject: {fileID: 0}
  m_PrefabInstance: {fileID: 0}
  m_PrefabAsset: {fileID: 0}
  m_GameObject: {fileID: 8712767695092189876}
  m_LocalRotation: {x: -0.60383373, y: -0.1142436, z: 0.7807342, w: -0.1130811}
  m_LocalPosition: {x: -0.018720465, y: 0.00242444, z: 0.045664012}
  m_LocalScale: {x: 0.9999999, y: 0.9999998, z: 0.9999997}
  m_Children:
  - {fileID: 8711158440212041318}
  m_Father: {fileID: 8711158441395570624}
  m_RootOrder: 1
  m_LocalEulerAnglesHint: {x: 0, y: 0, z: 0}
--- !u!1 &8712767695097317120
GameObject:
  m_ObjectHideFlags: 0
  m_CorrespondingSourceObject: {fileID: 0}
  m_PrefabInstance: {fileID: 0}
  m_PrefabAsset: {fileID: 0}
  serializedVersion: 6
  m_Component:
  - component: {fileID: 8711158439327610802}
  m_Layer: 0
  m_Name: Bip001-Spine
  m_TagString: Untagged
  m_Icon: {fileID: 0}
  m_NavMeshLayer: 0
  m_StaticEditorFlags: 0
  m_IsActive: 1
--- !u!4 &8711158439327610802
Transform:
  m_ObjectHideFlags: 0
  m_CorrespondingSourceObject: {fileID: 0}
  m_PrefabInstance: {fileID: 0}
  m_PrefabAsset: {fileID: 0}
  m_GameObject: {fileID: 8712767695097317120}
  m_LocalRotation: {x: -0.0000016662736, y: -0.000000062498096, z: 0.03835053, w: 0.99926436}
  m_LocalPosition: {x: -0.037867457, y: 0.00043631857, z: -0.000000009108177}
  m_LocalScale: {x: 1.0000001, y: 1.0000001, z: 1}
  m_Children:
  - {fileID: 8711158440212773178}
  m_Father: {fileID: 8711158438912204032}
  m_RootOrder: 2
  m_LocalEulerAnglesHint: {x: 0, y: 0, z: 0}
--- !u!1 &8712767695103641518
GameObject:
  m_ObjectHideFlags: 0
  m_CorrespondingSourceObject: {fileID: 0}
  m_PrefabInstance: {fileID: 0}
  m_PrefabAsset: {fileID: 0}
  serializedVersion: 6
  m_Component:
  - component: {fileID: 8711158440212773178}
  m_Layer: 0
  m_Name: Bip001-Spine1
  m_TagString: Untagged
  m_Icon: {fileID: 0}
  m_NavMeshLayer: 0
  m_StaticEditorFlags: 0
  m_IsActive: 1
--- !u!4 &8711158440212773178
Transform:
  m_ObjectHideFlags: 0
  m_CorrespondingSourceObject: {fileID: 0}
  m_PrefabInstance: {fileID: 0}
  m_PrefabAsset: {fileID: 0}
  m_GameObject: {fileID: 8712767695103641518}
  m_LocalRotation: {x: 0.0000011406079, y: -0.000000058330365, z: 0.0034894936, w: 0.9999939}
  m_LocalPosition: {x: -0.004730622, y: -0.000055265522, z: -1.6505783e-10}
  m_LocalScale: {x: 0.99999994, y: 1, z: 1.0000001}
  m_Children:
  - {fileID: 8711158439865508430}
  m_Father: {fileID: 8711158439327610802}
  m_RootOrder: 0
  m_LocalEulerAnglesHint: {x: 0, y: 0, z: 0}
--- !u!1 &8712767695115092824
GameObject:
  m_ObjectHideFlags: 0
  m_CorrespondingSourceObject: {fileID: 0}
  m_PrefabInstance: {fileID: 0}
  m_PrefabAsset: {fileID: 0}
  serializedVersion: 6
  m_Component:
  - component: {fileID: 8711158439270808164}
  m_Layer: 0
  m_Name: Bip001-R-Foot
  m_TagString: Untagged
  m_Icon: {fileID: 0}
  m_NavMeshLayer: 0
  m_StaticEditorFlags: 0
  m_IsActive: 1
--- !u!4 &8711158439270808164
Transform:
  m_ObjectHideFlags: 0
  m_CorrespondingSourceObject: {fileID: 0}
  m_PrefabInstance: {fileID: 0}
  m_PrefabAsset: {fileID: 0}
  m_GameObject: {fileID: 8712767695115092824}
  m_LocalRotation: {x: 0.029053807, y: -0.082898535, z: -0.033718273, w: 0.99556357}
  m_LocalPosition: {x: -0.3043157, y: -0.000000004541874, z: 0.000000048446655}
  m_LocalScale: {x: 1.0000001, y: 1.0000001, z: 0.99999976}
  m_Children:
  - {fileID: 8711158441547692210}
  m_Father: {fileID: 8711158439972408340}
  m_RootOrder: 0
  m_LocalEulerAnglesHint: {x: 0, y: 0, z: 0}
--- !u!1 &8712767695255110380
GameObject:
  m_ObjectHideFlags: 0
  m_CorrespondingSourceObject: {fileID: 0}
  m_PrefabInstance: {fileID: 0}
  m_PrefabAsset: {fileID: 0}
  serializedVersion: 6
  m_Component:
  - component: {fileID: 8711158440088480826}
  m_Layer: 0
  m_Name: Bip001-R-UpperArm
  m_TagString: Untagged
  m_Icon: {fileID: 0}
  m_NavMeshLayer: 0
  m_StaticEditorFlags: 0
  m_IsActive: 1
--- !u!4 &8711158440088480826
Transform:
  m_ObjectHideFlags: 0
  m_CorrespondingSourceObject: {fileID: 0}
  m_PrefabInstance: {fileID: 0}
  m_PrefabAsset: {fileID: 0}
  m_GameObject: {fileID: 8712767695255110380}
  m_LocalRotation: {x: -0.037721258, y: 0.43516886, z: -0.061369468, w: 0.8974625}
  m_LocalPosition: {x: -0.0782755, y: 0.000000006055832, z: 0}
  m_LocalScale: {x: 1.0000001, y: 1.0000002, z: 1}
  m_Children:
  - {fileID: 8711158441240822850}
  m_Father: {fileID: 8711158441506853450}
  m_RootOrder: 0
  m_LocalEulerAnglesHint: {x: 0, y: 0, z: 0}
--- !u!1 &8712767695420991480
GameObject:
  m_ObjectHideFlags: 0
  m_CorrespondingSourceObject: {fileID: 0}
  m_PrefabInstance: {fileID: 0}
  m_PrefabAsset: {fileID: 0}
  serializedVersion: 6
  m_Component:
  - component: {fileID: 8711158437976872098}
  m_Layer: 0
  m_Name: F_Skirt03
  m_TagString: Untagged
  m_Icon: {fileID: 0}
  m_NavMeshLayer: 0
  m_StaticEditorFlags: 0
  m_IsActive: 1
--- !u!4 &8711158437976872098
Transform:
  m_ObjectHideFlags: 0
  m_CorrespondingSourceObject: {fileID: 0}
  m_PrefabInstance: {fileID: 0}
  m_PrefabAsset: {fileID: 0}
  m_GameObject: {fileID: 8712767695420991480}
  m_LocalRotation: {x: -0.000000796856, y: 0.000000067136874, z: -0.00010245806, w: 1}
  m_LocalPosition: {x: -0.20185532, y: 0.00000009159446, z: 0.000000024223327}
  m_LocalScale: {x: 0.99999994, y: 1, z: 0.99999994}
  m_Children: []
  m_Father: {fileID: 8711158442933136116}
  m_RootOrder: 0
  m_LocalEulerAnglesHint: {x: 0, y: 0, z: 0}
--- !u!1 &8712767695466209998
GameObject:
  m_ObjectHideFlags: 0
  m_CorrespondingSourceObject: {fileID: 0}
  m_PrefabInstance: {fileID: 0}
  m_PrefabAsset: {fileID: 0}
  serializedVersion: 6
  m_Component:
  - component: {fileID: 8711158442933136116}
  m_Layer: 0
  m_Name: F_Skirt02
  m_TagString: Untagged
  m_Icon: {fileID: 0}
  m_NavMeshLayer: 0
  m_StaticEditorFlags: 0
  m_IsActive: 1
--- !u!4 &8711158442933136116
Transform:
  m_ObjectHideFlags: 0
  m_CorrespondingSourceObject: {fileID: 0}
  m_PrefabInstance: {fileID: 0}
  m_PrefabAsset: {fileID: 0}
  m_GameObject: {fileID: 8712767695466209998}
  m_LocalRotation: {x: 0.00022103383, y: 0.019390378, z: -0.011325918, w: 0.9997478}
  m_LocalPosition: {x: -0.15946159, y: -0.00000005223155, z: 0}
  m_LocalScale: {x: 1, y: 1, z: 0.99999994}
  m_Children:
  - {fileID: 8711158437976872098}
  m_Father: {fileID: 8711158438843503286}
  m_RootOrder: 0
  m_LocalEulerAnglesHint: {x: 0, y: 0, z: 0}
--- !u!1 &8712767695548706140
GameObject:
  m_ObjectHideFlags: 0
  m_CorrespondingSourceObject: {fileID: 0}
  m_PrefabInstance: {fileID: 0}
  m_PrefabAsset: {fileID: 0}
  serializedVersion: 6
  m_Component:
  - component: {fileID: 8711158441488214950}
  m_Layer: 0
  m_Name: Bip001-L-Finger21
  m_TagString: Untagged
  m_Icon: {fileID: 0}
  m_NavMeshLayer: 0
  m_StaticEditorFlags: 0
  m_IsActive: 1
--- !u!4 &8711158441488214950
Transform:
  m_ObjectHideFlags: 0
  m_CorrespondingSourceObject: {fileID: 0}
  m_PrefabInstance: {fileID: 0}
  m_PrefabAsset: {fileID: 0}
  m_GameObject: {fileID: 8712767695548706140}
  m_LocalRotation: {x: -2.1584386e-10, y: 0.00000027362537, z: -0.70739996, w: 0.7068136}
  m_LocalPosition: {x: -0.044051815, y: 0.000000048446655, z: 0}
  m_LocalScale: {x: 1.0000001, y: 0.9999999, z: 0.99999964}
  m_Children: []
  m_Father: {fileID: 8711158440693088826}
  m_RootOrder: 0
  m_LocalEulerAnglesHint: {x: 0, y: 0, z: 0}
--- !u!1 &8712767695857023752
GameObject:
  m_ObjectHideFlags: 0
  m_CorrespondingSourceObject: {fileID: 0}
  m_PrefabInstance: {fileID: 0}
  m_PrefabAsset: {fileID: 0}
  serializedVersion: 6
  m_Component:
  - component: {fileID: 8711158441581574564}
  m_Layer: 0
  m_Name: Bip001-L-Finger1
  m_TagString: Untagged
  m_Icon: {fileID: 0}
  m_NavMeshLayer: 0
  m_StaticEditorFlags: 0
  m_IsActive: 1
--- !u!4 &8711158441581574564
Transform:
  m_ObjectHideFlags: 0
  m_CorrespondingSourceObject: {fileID: 0}
  m_PrefabInstance: {fileID: 0}
  m_PrefabAsset: {fileID: 0}
  m_GameObject: {fileID: 8712767695857023752}
  m_LocalRotation: {x: -0.10043738, y: 0.041791577, z: -0.33813554, w: 0.9347888}
  m_LocalPosition: {x: -0.058029354, y: -0.02014475, z: 0.011280804}
  m_LocalScale: {x: 1.0000002, y: 0.9999999, z: 1.0000002}
  m_Children:
  - {fileID: 8711158439036766178}
  m_Father: {fileID: 8711158441786004328}
  m_RootOrder: 1
  m_LocalEulerAnglesHint: {x: 0, y: 0, z: 0}
--- !u!1 &8712767695960522444
GameObject:
  m_ObjectHideFlags: 0
  m_CorrespondingSourceObject: {fileID: 0}
  m_PrefabInstance: {fileID: 0}
  m_PrefabAsset: {fileID: 0}
  serializedVersion: 6
  m_Component:
  - component: {fileID: 8711158442847233232}
  m_Layer: 0
  m_Name: Bip001-L-Forearm
  m_TagString: Untagged
  m_Icon: {fileID: 0}
  m_NavMeshLayer: 0
  m_StaticEditorFlags: 0
  m_IsActive: 1
--- !u!4 &8711158442847233232
Transform:
  m_ObjectHideFlags: 0
  m_CorrespondingSourceObject: {fileID: 0}
  m_PrefabInstance: {fileID: 0}
  m_PrefabAsset: {fileID: 0}
  m_GameObject: {fileID: 8712767695960522444}
  m_LocalRotation: {x: 0.00000005912963, y: -0.000000022679693, z: 0.12338896, w: 0.9923584}
  m_LocalPosition: {x: -0.1974739, y: -0.000000018167496, z: -0.000000048446655}
  m_LocalScale: {x: 1, y: 1, z: 1.0000001}
  m_Children:
  - {fileID: 8711158441786004328}
  - {fileID: 8711158442639834776}
  m_Father: {fileID: 8711158440212041318}
  m_RootOrder: 0
  m_LocalEulerAnglesHint: {x: 0, y: 0, z: 0}
--- !u!1 &8712767695998321068
GameObject:
  m_ObjectHideFlags: 0
  m_CorrespondingSourceObject: {fileID: 0}
  m_PrefabInstance: {fileID: 0}
  m_PrefabAsset: {fileID: 0}
  serializedVersion: 6
  m_Component:
  - component: {fileID: 8711158439865508430}
  m_Layer: 0
  m_Name: Bip001-Spine2
  m_TagString: Untagged
  m_Icon: {fileID: 0}
  m_NavMeshLayer: 0
  m_StaticEditorFlags: 0
  m_IsActive: 1
--- !u!4 &8711158439865508430
Transform:
  m_ObjectHideFlags: 0
  m_CorrespondingSourceObject: {fileID: 0}
  m_PrefabInstance: {fileID: 0}
  m_PrefabAsset: {fileID: 0}
  m_GameObject: {fileID: 8712767695998321068}
  m_LocalRotation: {x: 0.0000000037251526, y: 0.000000009313232, z: -0.0000000074505797,
    w: 1}
  m_LocalPosition: {x: -0.06940628, y: -0.000055495642, z: 0.000000007925184}
  m_LocalScale: {x: 1.0000001, y: 1.0000001, z: 1}
  m_Children:
  - {fileID: 8711158438723748728}
  m_Father: {fileID: 8711158440212773178}
  m_RootOrder: 0
  m_LocalEulerAnglesHint: {x: 0, y: 0, z: 0}
--- !u!1 &8712767696035508932
GameObject:
  m_ObjectHideFlags: 0
  m_CorrespondingSourceObject: {fileID: 0}
  m_PrefabInstance: {fileID: 0}
  m_PrefabAsset: {fileID: 0}
  serializedVersion: 6
  m_Component:
  - component: {fileID: 8711158438912204032}
  m_Layer: 0
  m_Name: Bip001-Pelvis
  m_TagString: Untagged
  m_Icon: {fileID: 0}
  m_NavMeshLayer: 0
  m_StaticEditorFlags: 0
  m_IsActive: 1
--- !u!4 &8711158438912204032
Transform:
  m_ObjectHideFlags: 0
  m_CorrespondingSourceObject: {fileID: 0}
  m_PrefabInstance: {fileID: 0}
  m_PrefabAsset: {fileID: 0}
  m_GameObject: {fileID: 8712767696035508932}
  m_LocalRotation: {x: -0.49999964, y: 0.50000036, z: 0.49999964, w: 0.50000036}
  m_LocalPosition: {x: -0.019788302, y: 0.0000000035384276, z: 0}
  m_LocalScale: {x: 1, y: 1.0000001, z: 1.0000001}
  m_Children:
  - {fileID: 8711158440968369088}
  - {fileID: 8711158438752109394}
  - {fileID: 8711158439327610802}
  - {fileID: 8711158438843503286}
  m_Father: {fileID: 8711158441886480032}
  m_RootOrder: 0
  m_LocalEulerAnglesHint: {x: 0, y: 0, z: 0}
--- !u!1 &8712767696142309966
GameObject:
  m_ObjectHideFlags: 0
  m_CorrespondingSourceObject: {fileID: 0}
  m_PrefabInstance: {fileID: 0}
  m_PrefabAsset: {fileID: 0}
  serializedVersion: 6
  m_Component:
  - component: {fileID: 8711158440823337572}
  m_Layer: 0
  m_Name: Bip001-L-Finger0
  m_TagString: Untagged
  m_Icon: {fileID: 0}
  m_NavMeshLayer: 0
  m_StaticEditorFlags: 0
  m_IsActive: 1
--- !u!4 &8711158440823337572
Transform:
  m_ObjectHideFlags: 0
  m_CorrespondingSourceObject: {fileID: 0}
  m_PrefabInstance: {fileID: 0}
  m_PrefabAsset: {fileID: 0}
  m_GameObject: {fileID: 8712767696142309966}
  m_LocalRotation: {x: 0.6439843, y: -0.3719276, z: -0.1130869, w: 0.6589123}
  m_LocalPosition: {x: -0.0097798295, y: -0.0077702138, z: -0.029728225}
  m_LocalScale: {x: 1.0000001, y: 1.0000005, z: 1.0000002}
  m_Children:
  - {fileID: 8711158442656140202}
  m_Father: {fileID: 8711158441786004328}
  m_RootOrder: 0
  m_LocalEulerAnglesHint: {x: 0, y: 0, z: 0}
--- !u!1 &8712767696277041378
GameObject:
  m_ObjectHideFlags: 0
  m_CorrespondingSourceObject: {fileID: 0}
  m_PrefabInstance: {fileID: 0}
  m_PrefabAsset: {fileID: 0}
  serializedVersion: 6
  m_Component:
  - component: {fileID: 8711158437622248610}
  m_Layer: 0
  m_Name: Bone005
  m_TagString: Untagged
  m_Icon: {fileID: 0}
  m_NavMeshLayer: 0
  m_StaticEditorFlags: 0
  m_IsActive: 1
--- !u!4 &8711158437622248610
Transform:
  m_ObjectHideFlags: 0
  m_CorrespondingSourceObject: {fileID: 0}
  m_PrefabInstance: {fileID: 0}
  m_PrefabAsset: {fileID: 0}
  m_GameObject: {fileID: 8712767696277041378}
  m_LocalRotation: {x: 0.11143269, y: -0.014689105, z: -0.77494603, w: 0.62195307}
  m_LocalPosition: {x: -0.015158086, y: 0.074443944, z: 0.04733283}
  m_LocalScale: {x: 1, y: 1.0000001, z: 1}
  m_Children: []
  m_Father: {fileID: 8711158437643991302}
  m_RootOrder: 1
  m_LocalEulerAnglesHint: {x: 0, y: 0, z: 0}
--- !u!1 &8712767696280513324
GameObject:
  m_ObjectHideFlags: 0
  m_CorrespondingSourceObject: {fileID: 0}
  m_PrefabInstance: {fileID: 0}
  m_PrefabAsset: {fileID: 0}
  serializedVersion: 6
  m_Component:
  - component: {fileID: 8711158438752109394}
  m_Layer: 0
  m_Name: Bip001-R-Thigh
  m_TagString: Untagged
  m_Icon: {fileID: 0}
  m_NavMeshLayer: 0
  m_StaticEditorFlags: 0
  m_IsActive: 1
--- !u!4 &8711158438752109394
Transform:
  m_ObjectHideFlags: 0
  m_CorrespondingSourceObject: {fileID: 0}
  m_PrefabInstance: {fileID: 0}
  m_PrefabAsset: {fileID: 0}
  m_GameObject: {fileID: 8712767696280513324}
  m_LocalRotation: {x: 0.007838191, y: 0.99168247, z: -0.09934956, w: -0.08144988}
  m_LocalPosition: {x: -0, y: -0.00000004523229, z: -0.05916452}
  m_LocalScale: {x: 0.99999994, y: 1.0000002, z: 1.0000001}
  m_Children:
  - {fileID: 8711158439972408340}
  m_Father: {fileID: 8711158438912204032}
  m_RootOrder: 1
  m_LocalEulerAnglesHint: {x: 0, y: 0, z: 0}
--- !u!1 &8712767696324434512
GameObject:
  m_ObjectHideFlags: 0
  m_CorrespondingSourceObject: {fileID: 0}
  m_PrefabInstance: {fileID: 0}
  m_PrefabAsset: {fileID: 0}
  serializedVersion: 6
  m_Component:
  - component: {fileID: 8711158442876154086}
  m_Layer: 0
  m_Name: Bip001-L-Calf
  m_TagString: Untagged
  m_Icon: {fileID: 0}
  m_NavMeshLayer: 0
  m_StaticEditorFlags: 0
  m_IsActive: 1
--- !u!4 &8711158442876154086
Transform:
  m_ObjectHideFlags: 0
  m_CorrespondingSourceObject: {fileID: 0}
  m_PrefabInstance: {fileID: 0}
  m_PrefabAsset: {fileID: 0}
  m_GameObject: {fileID: 8712767696324434512}
  m_LocalRotation: {x: 0.00000016616232, y: -0.00000008334655, z: 0.036813017, w: 0.9993222}
  m_LocalPosition: {x: -0.2579654, y: 0.0000000068128108, z: -0.000000036334992}
  m_LocalScale: {x: 0.99999976, y: 0.99999994, z: 0.9999999}
  m_Children:
  - {fileID: 8711158439590758868}
  m_Father: {fileID: 8711158440968369088}
  m_RootOrder: 0
  m_LocalEulerAnglesHint: {x: 0, y: 0, z: 0}
--- !u!1 &8712767696350760886
GameObject:
  m_ObjectHideFlags: 0
  m_CorrespondingSourceObject: {fileID: 0}
  m_PrefabInstance: {fileID: 0}
  m_PrefabAsset: {fileID: 0}
  serializedVersion: 6
  m_Component:
  - component: {fileID: 8711158442689111158}
  m_Layer: 0
  m_Name: Bip001-R-Finger2
  m_TagString: Untagged
  m_Icon: {fileID: 0}
  m_NavMeshLayer: 0
  m_StaticEditorFlags: 0
  m_IsActive: 1
--- !u!4 &8711158442689111158
Transform:
  m_ObjectHideFlags: 0
  m_CorrespondingSourceObject: {fileID: 0}
  m_PrefabInstance: {fileID: 0}
  m_PrefabAsset: {fileID: 0}
  m_GameObject: {fileID: 8712767696350760886}
  m_LocalRotation: {x: -0.06396762, y: 0.015771672, z: -0.21841548, w: 0.97362936}
  m_LocalPosition: {x: -0.06505514, y: -0.015551037, z: 0.030637918}
  m_LocalScale: {x: 1.0000001, y: 0.9999998, z: 1}
  m_Children:
  - {fileID: 8711158440174208354}
  m_Father: {fileID: 8711158440783056200}
  m_RootOrder: 2
  m_LocalEulerAnglesHint: {x: 0, y: 0, z: 0}
--- !u!1 &8712767696463506982
GameObject:
  m_ObjectHideFlags: 0
  m_CorrespondingSourceObject: {fileID: 0}
  m_PrefabInstance: {fileID: 0}
  m_PrefabAsset: {fileID: 0}
  serializedVersion: 6
  m_Component:
  - component: {fileID: 8711158439972408340}
  m_Layer: 0
  m_Name: Bip001-R-Calf
  m_TagString: Untagged
  m_Icon: {fileID: 0}
  m_NavMeshLayer: 0
  m_StaticEditorFlags: 0
  m_IsActive: 1
--- !u!4 &8711158439972408340
Transform:
  m_ObjectHideFlags: 0
  m_CorrespondingSourceObject: {fileID: 0}
  m_PrefabInstance: {fileID: 0}
  m_PrefabAsset: {fileID: 0}
  m_GameObject: {fileID: 8712767696463506982}
  m_LocalRotation: {x: -0.0000003855312, y: 0.0000000678098, z: 0.036812987, w: 0.9993222}
  m_LocalPosition: {x: -0.25796553, y: 0.000000020438433, z: 0.000000048446655}
  m_LocalScale: {x: 0.9999998, y: 0.99999994, z: 1.0000001}
  m_Children:
  - {fileID: 8711158439270808164}
  m_Father: {fileID: 8711158438752109394}
  m_RootOrder: 0
  m_LocalEulerAnglesHint: {x: 0, y: 0, z: 0}
--- !u!1 &8712767696479046322
GameObject:
  m_ObjectHideFlags: 0
  m_CorrespondingSourceObject: {fileID: 0}
  m_PrefabInstance: {fileID: 0}
  m_PrefabAsset: {fileID: 0}
  serializedVersion: 6
  m_Component:
  - component: {fileID: 8711158441886480032}
  m_Layer: 0
  m_Name: Bip001
  m_TagString: Untagged
  m_Icon: {fileID: 0}
  m_NavMeshLayer: 0
  m_StaticEditorFlags: 0
  m_IsActive: 1
--- !u!4 &8711158441886480032
Transform:
  m_ObjectHideFlags: 0
  m_CorrespondingSourceObject: {fileID: 0}
  m_PrefabInstance: {fileID: 0}
  m_PrefabAsset: {fileID: 0}
  m_GameObject: {fileID: 8712767696479046322}
  m_LocalRotation: {x: 0, y: 0, z: 0.70710635, w: 0.7071072}
  m_LocalPosition: {x: 0.000000027127918, y: 0.01978829, z: 0.6405847}
  m_LocalScale: {x: 0.99999994, y: 0.99999994, z: 1}
  m_Children:
  - {fileID: 8711158438912204032}
  m_Father: {fileID: 8711158437992397268}
  m_RootOrder: 0
  m_LocalEulerAnglesHint: {x: 0, y: 0, z: 0}
--- !u!1 &8712767696544699144
GameObject:
  m_ObjectHideFlags: 0
  m_CorrespondingSourceObject: {fileID: 0}
  m_PrefabInstance: {fileID: 0}
  m_PrefabAsset: {fileID: 0}
  serializedVersion: 6
  m_Component:
  - component: {fileID: 8711158440693088826}
  m_Layer: 0
  m_Name: Bip001-L-Finger2
  m_TagString: Untagged
  m_Icon: {fileID: 0}
  m_NavMeshLayer: 0
  m_StaticEditorFlags: 0
  m_IsActive: 1
--- !u!4 &8711158440693088826
Transform:
  m_ObjectHideFlags: 0
  m_CorrespondingSourceObject: {fileID: 0}
  m_PrefabInstance: {fileID: 0}
  m_PrefabAsset: {fileID: 0}
  m_GameObject: {fileID: 8712767696544699144}
  m_LocalRotation: {x: 0.06396689, y: -0.015771719, z: -0.2184149, w: 0.97362953}
  m_LocalPosition: {x: -0.06505499, y: -0.015551037, z: -0.030637883}
  m_LocalScale: {x: 1.0000004, y: 1.0000002, z: 1.0000001}
  m_Children:
  - {fileID: 8711158441488214950}
  m_Father: {fileID: 8711158441786004328}
  m_RootOrder: 2
  m_LocalEulerAnglesHint: {x: 0, y: 0, z: 0}
--- !u!1 &8712767696587983802
GameObject:
  m_ObjectHideFlags: 0
  m_CorrespondingSourceObject: {fileID: 0}
  m_PrefabInstance: {fileID: 0}
  m_PrefabAsset: {fileID: 0}
  serializedVersion: 6
  m_Component:
  - component: {fileID: 8711158441786004328}
  m_Layer: 0
  m_Name: Bip001-L-Hand
  m_TagString: Untagged
  m_Icon: {fileID: 0}
  m_NavMeshLayer: 0
  m_StaticEditorFlags: 0
  m_IsActive: 1
--- !u!4 &8711158441786004328
Transform:
  m_ObjectHideFlags: 0
  m_CorrespondingSourceObject: {fileID: 0}
  m_PrefabInstance: {fileID: 0}
  m_PrefabAsset: {fileID: 0}
  m_GameObject: {fileID: 8712767696587983802}
  m_LocalRotation: {x: -0.77954566, y: 0.021628754, z: -0.05319782, w: 0.62370723}
  m_LocalPosition: {x: -0.18104607, y: 0, z: 0.000000048446655}
  m_LocalScale: {x: 1, y: 0.9999999, z: 1.0000001}
  m_Children:
  - {fileID: 8711158440823337572}
  - {fileID: 8711158441581574564}
  - {fileID: 8711158440693088826}
  m_Father: {fileID: 8711158442847233232}
  m_RootOrder: 0
  m_LocalEulerAnglesHint: {x: 0, y: 0, z: 0}
--- !u!1 &8712767696731486986
GameObject:
  m_ObjectHideFlags: 0
  m_CorrespondingSourceObject: {fileID: 0}
  m_PrefabInstance: {fileID: 0}
  m_PrefabAsset: {fileID: 0}
  serializedVersion: 6
  m_Component:
  - component: {fileID: 8711158440384533018}
  m_Layer: 0
  m_Name: Bone005(mirrored)
  m_TagString: Untagged
  m_Icon: {fileID: 0}
  m_NavMeshLayer: 0
  m_StaticEditorFlags: 0
  m_IsActive: 1
--- !u!4 &8711158440384533018
Transform:
  m_ObjectHideFlags: 0
  m_CorrespondingSourceObject: {fileID: 0}
  m_PrefabInstance: {fileID: 0}
  m_PrefabAsset: {fileID: 0}
  m_GameObject: {fileID: 8712767696731486986}
  m_LocalRotation: {x: -0.6219533, y: 0.77494603, z: 0.014690019, w: -0.11143191}
  m_LocalPosition: {x: -0.015157989, y: 0.0744441, z: -0.047332842}
  m_LocalScale: {x: 0.99999994, y: 1.0000002, z: 1.0000004}
  m_Children: []
  m_Father: {fileID: 8711158437643991302}
  m_RootOrder: 2
  m_LocalEulerAnglesHint: {x: 0, y: 0, z: 0}
--- !u!1 &8712767697027132132
GameObject:
  m_ObjectHideFlags: 0
  m_CorrespondingSourceObject: {fileID: 0}
  m_PrefabInstance: {fileID: 0}
  m_PrefabAsset: {fileID: 0}
  serializedVersion: 6
  m_Component:
  - component: {fileID: 8711158442608162930}
  m_Layer: 0
  m_Name: Bip001-R-Finger1
  m_TagString: Untagged
  m_Icon: {fileID: 0}
  m_NavMeshLayer: 0
  m_StaticEditorFlags: 0
  m_IsActive: 1
--- !u!4 &8711158442608162930
Transform:
  m_ObjectHideFlags: 0
  m_CorrespondingSourceObject: {fileID: 0}
  m_PrefabInstance: {fileID: 0}
  m_PrefabAsset: {fileID: 0}
  m_GameObject: {fileID: 8712767697027132132}
  m_LocalRotation: {x: 0.10043718, y: -0.041791655, z: -0.3381356, w: 0.9347889}
  m_LocalPosition: {x: -0.058029354, y: -0.020144798, z: -0.01128078}
  m_LocalScale: {x: 1.0000002, y: 0.99999994, z: 1.0000001}
  m_Children:
  - {fileID: 8711158442643371884}
  m_Father: {fileID: 8711158440783056200}
  m_RootOrder: 1
  m_LocalEulerAnglesHint: {x: 0, y: 0, z: 0}
--- !u!1 &8712767697059283230
GameObject:
  m_ObjectHideFlags: 0
  m_CorrespondingSourceObject: {fileID: 0}
  m_PrefabInstance: {fileID: 0}
  m_PrefabAsset: {fileID: 0}
  serializedVersion: 6
  m_Component:
  - component: {fileID: 8711158440212041318}
  m_Layer: 0
  m_Name: Bip001-L-UpperArm
  m_TagString: Untagged
  m_Icon: {fileID: 0}
  m_NavMeshLayer: 0
  m_StaticEditorFlags: 0
  m_IsActive: 1
--- !u!4 &8711158440212041318
Transform:
  m_ObjectHideFlags: 0
  m_CorrespondingSourceObject: {fileID: 0}
  m_PrefabInstance: {fileID: 0}
  m_PrefabAsset: {fileID: 0}
  m_GameObject: {fileID: 8712767697059283230}
  m_LocalRotation: {x: 0.03772281, y: -0.43516818, z: -0.06136736, w: 0.89746296}
  m_LocalPosition: {x: -0.0782755, y: 0.000000042390823, z: -0.00000009689331}
  m_LocalScale: {x: 1.0000001, y: 1.0000004, z: 1}
  m_Children:
  - {fileID: 8711158442847233232}
  m_Father: {fileID: 8711158439679550510}
  m_RootOrder: 0
  m_LocalEulerAnglesHint: {x: 0, y: 0, z: 0}
--- !u!1 &8712767697059714958
GameObject:
  m_ObjectHideFlags: 0
  m_CorrespondingSourceObject: {fileID: 0}
  m_PrefabInstance: {fileID: 0}
  m_PrefabAsset: {fileID: 0}
  serializedVersion: 6
  m_Component:
  - component: {fileID: 8711158439132646916}
  m_Layer: 0
  m_Name: Bip001-R-Finger01
  m_TagString: Untagged
  m_Icon: {fileID: 0}
  m_NavMeshLayer: 0
  m_StaticEditorFlags: 0
  m_IsActive: 1
--- !u!4 &8711158439132646916
Transform:
  m_ObjectHideFlags: 0
  m_CorrespondingSourceObject: {fileID: 0}
  m_PrefabInstance: {fileID: 0}
  m_PrefabAsset: {fileID: 0}
  m_GameObject: {fileID: 8712767697059714958}
  m_LocalRotation: {x: 0.0000012296114, y: -0.000000366991, z: -0.31920314, w: 0.9476863}
  m_LocalPosition: {x: -0.049134646, y: 0, z: 0}
  m_LocalScale: {x: 1.0000001, y: 1.0000004, z: 1.0000002}
  m_Children: []
  m_Father: {fileID: 8711158440661335248}
  m_RootOrder: 0
  m_LocalEulerAnglesHint: {x: 0, y: 0, z: 0}
--- !u!1 &8712767697119897822
GameObject:
  m_ObjectHideFlags: 0
  m_CorrespondingSourceObject: {fileID: 0}
  m_PrefabInstance: {fileID: 0}
  m_PrefabAsset: {fileID: 0}
  serializedVersion: 6
  m_Component:
  - component: {fileID: 8711158439590758868}
  m_Layer: 0
  m_Name: Bip001-L-Foot
  m_TagString: Untagged
  m_Icon: {fileID: 0}
  m_NavMeshLayer: 0
  m_StaticEditorFlags: 0
  m_IsActive: 1
--- !u!4 &8711158439590758868
Transform:
  m_ObjectHideFlags: 0
  m_CorrespondingSourceObject: {fileID: 0}
  m_PrefabInstance: {fileID: 0}
  m_PrefabAsset: {fileID: 0}
  m_GameObject: {fileID: 8712767697119897822}
  m_LocalRotation: {x: -0.02905351, y: 0.08289861, z: -0.033718236, w: 0.99556357}
  m_LocalPosition: {x: -0.30431572, y: -0.000000004541874, z: 0.000000024223327}
  m_LocalScale: {x: 1.0000002, y: 1.0000001, z: 1.0000001}
  m_Children:
  - {fileID: 8711158437897760780}
  m_Father: {fileID: 8711158442876154086}
  m_RootOrder: 0
  m_LocalEulerAnglesHint: {x: 0, y: 0, z: 0}
--- !u!1 &8712767697191146674
GameObject:
  m_ObjectHideFlags: 0
  m_CorrespondingSourceObject: {fileID: 0}
  m_PrefabInstance: {fileID: 0}
  m_PrefabAsset: {fileID: 0}
  serializedVersion: 6
  m_Component:
  - component: {fileID: 8711158441395570624}
  m_Layer: 0
  m_Name: Bip001-Neck
  m_TagString: Untagged
  m_Icon: {fileID: 0}
  m_NavMeshLayer: 0
  m_StaticEditorFlags: 0
  m_IsActive: 1
--- !u!4 &8711158441395570624
Transform:
  m_ObjectHideFlags: 0
  m_CorrespondingSourceObject: {fileID: 0}
  m_PrefabInstance: {fileID: 0}
  m_PrefabAsset: {fileID: 0}
  m_GameObject: {fileID: 8712767697191146674}
  m_LocalRotation: {x: -0.0000006528598, y: 0.0000003461558, z: -0.15905493, w: 0.98726976}
  m_LocalPosition: {x: -0.14737056, y: -0.019326309, z: 0.00000003288435}
  m_LocalScale: {x: 1.0000004, y: 1.0000001, z: 1.0000001}
  m_Children:
  - {fileID: 8711158437643991302}
  - {fileID: 8711158439679550510}
  - {fileID: 8711158441506853450}
  m_Father: {fileID: 8711158438723748728}
  m_RootOrder: 0
  m_LocalEulerAnglesHint: {x: 0, y: 0, z: 0}
--- !u!1 &8712767697282969358
GameObject:
  m_ObjectHideFlags: 0
  m_CorrespondingSourceObject: {fileID: 0}
  m_PrefabInstance: {fileID: 0}
  m_PrefabAsset: {fileID: 0}
  serializedVersion: 6
  m_Component:
  - component: {fileID: 8711158441433456520}
  m_Layer: 0
  m_Name: FXDummy_Head
  m_TagString: Untagged
  m_Icon: {fileID: 0}
  m_NavMeshLayer: 0
  m_StaticEditorFlags: 0
  m_IsActive: 1
--- !u!4 &8711158441433456520
Transform:
  m_ObjectHideFlags: 0
  m_CorrespondingSourceObject: {fileID: 0}
  m_PrefabInstance: {fileID: 0}
  m_PrefabAsset: {fileID: 0}
  m_GameObject: {fileID: 8712767697282969358}
  m_LocalRotation: {x: 2.0688873e-10, y: -5.3262277e-11, z: -0.0000000037252899, w: 1}
  m_LocalPosition: {x: -0.019727768, y: -0.000000036334992, z: 0.00000000120662}
  m_LocalScale: {x: 1, y: 0.99999994, z: 1}
  m_Children: []
  m_Father: {fileID: 8711158438729815966}
  m_RootOrder: 0
  m_LocalEulerAnglesHint: {x: 0, y: 0, z: 0}
--- !u!1 &8712767697299350982
GameObject:
  m_ObjectHideFlags: 0
  m_CorrespondingSourceObject: {fileID: 0}
  m_PrefabInstance: {fileID: 0}
  m_PrefabAsset: {fileID: 0}
  serializedVersion: 6
  m_Component:
  - component: {fileID: 8711158442639834776}
  m_Layer: 0
  m_Name: L_cloth01
  m_TagString: Untagged
  m_Icon: {fileID: 0}
  m_NavMeshLayer: 0
  m_StaticEditorFlags: 0
  m_IsActive: 1
--- !u!4 &8711158442639834776
Transform:
  m_ObjectHideFlags: 0
  m_CorrespondingSourceObject: {fileID: 0}
  m_PrefabInstance: {fileID: 0}
  m_PrefabAsset: {fileID: 0}
  m_GameObject: {fileID: 8712767697299350982}
  m_LocalRotation: {x: -0.055537, y: -0.0315078, z: -0.44562092, w: 0.8929417}
  m_LocalPosition: {x: -0.15052022, y: 0.03782992, z: -0.0068173646}
  m_LocalScale: {x: 1, y: 1.0000001, z: 1.0000001}
  m_Children:
  - {fileID: 8711158437804734544}
  m_Father: {fileID: 8711158442847233232}
  m_RootOrder: 1
  m_LocalEulerAnglesHint: {x: 0, y: 0, z: 0}
--- !u!1 &8712767697303138532
GameObject:
  m_ObjectHideFlags: 0
  m_CorrespondingSourceObject: {fileID: 0}
  m_PrefabInstance: {fileID: 0}
  m_PrefabAsset: {fileID: 0}
  serializedVersion: 6
  m_Component:
  - component: {fileID: 8711158438843503286}
  m_Layer: 0
  m_Name: F_Skirt01
  m_TagString: Untagged
  m_Icon: {fileID: 0}
  m_NavMeshLayer: 0
  m_StaticEditorFlags: 0
  m_IsActive: 1
--- !u!4 &8711158438843503286
Transform:
  m_ObjectHideFlags: 0
  m_CorrespondingSourceObject: {fileID: 0}
  m_PrefabInstance: {fileID: 0}
  m_PrefabAsset: {fileID: 0}
  m_GameObject: {fileID: 8712767697303138532}
  m_LocalRotation: {x: -0.01026374, y: 0.7068466, z: 0.7070314, w: -0.019212045}
  m_LocalPosition: {x: -0.04925247, y: 0.120918244, z: -0.0001912129}
  m_LocalScale: {x: 0.9999999, y: 1, z: 1.0000001}
  m_Children:
  - {fileID: 8711158442933136116}
  m_Father: {fileID: 8711158438912204032}
  m_RootOrder: 3
  m_LocalEulerAnglesHint: {x: 0, y: 0, z: 0}
--- !u!1 &8712767698206909018
GameObject:
  m_ObjectHideFlags: 0
  m_CorrespondingSourceObject: {fileID: 0}
  m_PrefabInstance: {fileID: 0}
  m_PrefabAsset: {fileID: 0}
  serializedVersion: 6
  m_Component:
  - component: {fileID: 8711158437661252658}
  - component: {fileID: 8771876890491817090}
  - component: {fileID: 8649490892121987424}
  - component: {fileID: 7037636086315233591}
  - component: {fileID: 8470096251930577953}
  - component: {fileID: 1533924067290202017}
  - component: {fileID: 5205821349499729460}
  - component: {fileID: 5836387189116658377}
  m_Layer: 0
  m_Name: Pagan_SKEL
  m_TagString: Player
  m_Icon: {fileID: 0}
  m_NavMeshLayer: 0
  m_StaticEditorFlags: 0
  m_IsActive: 1
--- !u!4 &8711158437661252658
Transform:
  m_ObjectHideFlags: 0
  m_CorrespondingSourceObject: {fileID: 0}
  m_PrefabInstance: {fileID: 0}
  m_PrefabAsset: {fileID: 0}
  m_GameObject: {fileID: 8712767698206909018}
  m_LocalRotation: {x: 0, y: 0, z: 0, w: 1}
  m_LocalPosition: {x: 0, y: 0, z: 0}
  m_LocalScale: {x: 1, y: 1, z: 1}
  m_Children:
  - {fileID: 1110489989421765472}
  - {fileID: 8711158437992397268}
  - {fileID: 8711158440898635926}
  m_Father: {fileID: 0}
  m_RootOrder: 0
  m_LocalEulerAnglesHint: {x: 0, y: 0, z: 0}
--- !u!95 &8771876890491817090
Animator:
  serializedVersion: 3
  m_ObjectHideFlags: 0
  m_CorrespondingSourceObject: {fileID: 0}
  m_PrefabInstance: {fileID: 0}
  m_PrefabAsset: {fileID: 0}
  m_GameObject: {fileID: 8712767698206909018}
  m_Enabled: 1
  m_Avatar: {fileID: 9000000, guid: 9e354668997aa4743ae3c4e2c495d8f3, type: 3}
  m_Controller: {fileID: 9100000, guid: 077be4a6e656b0b4aab26d46e934652e, type: 2}
  m_CullingMode: 1
  m_UpdateMode: 0
  m_ApplyRootMotion: 1
  m_LinearVelocityBlending: 0
  m_WarningMessage: 
  m_HasTransformHierarchy: 1
  m_AllowConstantClipSamplingOptimization: 1
  m_KeepAnimatorControllerStateOnDisable: 0
--- !u!64 &8649490892121987424
MeshCollider:
  m_ObjectHideFlags: 0
  m_CorrespondingSourceObject: {fileID: 0}
  m_PrefabInstance: {fileID: 0}
  m_PrefabAsset: {fileID: 0}
  m_GameObject: {fileID: 8712767698206909018}
  m_Material: {fileID: 0}
  m_IsTrigger: 0
  m_Enabled: 1
  serializedVersion: 3
  m_Convex: 0
  m_CookingOptions: 14
  m_Mesh: {fileID: 0}
--- !u!136 &7037636086315233591
CapsuleCollider:
  m_ObjectHideFlags: 0
  m_CorrespondingSourceObject: {fileID: 0}
  m_PrefabInstance: {fileID: 0}
  m_PrefabAsset: {fileID: 0}
  m_GameObject: {fileID: 8712767698206909018}
  m_Material: {fileID: 0}
  m_IsTrigger: 0
  m_Enabled: 1
  m_Radius: 0.19767952
  m_Height: 1.2427055
  m_Direction: 1
  m_Center: {x: -0.0011769533, y: 0.60773236, z: -0.054298162}
--- !u!114 &8470096251930577953
MonoBehaviour:
  m_ObjectHideFlags: 0
  m_CorrespondingSourceObject: {fileID: 0}
  m_PrefabInstance: {fileID: 0}
  m_PrefabAsset: {fileID: 0}
  m_GameObject: {fileID: 8712767698206909018}
  m_Enabled: 1
  m_EditorHideFlags: 0
  m_Script: {fileID: 11500000, guid: 0b68ffc5627ce024dae66f126e6d78f1, type: 3}
  m_Name: 
  m_EditorClassIdentifier: 
--- !u!114 &1533924067290202017
MonoBehaviour:
  m_ObjectHideFlags: 0
  m_CorrespondingSourceObject: {fileID: 0}
  m_PrefabInstance: {fileID: 0}
  m_PrefabAsset: {fileID: 0}
  m_GameObject: {fileID: 8712767698206909018}
  m_Enabled: 1
  m_EditorHideFlags: 0
  m_Script: {fileID: 11500000, guid: 51ff9985d0f9f3d45b6552e399c9209a, type: 3}
  m_Name: 
  m_EditorClassIdentifier: 
--- !u!114 &5205821349499729460
MonoBehaviour:
  m_ObjectHideFlags: 0
  m_CorrespondingSourceObject: {fileID: 0}
  m_PrefabInstance: {fileID: 0}
  m_PrefabAsset: {fileID: 0}
  m_GameObject: {fileID: 8712767698206909018}
  m_Enabled: 1
  m_EditorHideFlags: 0
  m_Script: {fileID: 11500000, guid: e4b751e83192ceb40bd0e0e59d4834d1, type: 3}
  m_Name: 
  m_EditorClassIdentifier: 
  speed: 4
  turnSpeed: 9
--- !u!54 &5836387189116658377
Rigidbody:
  m_ObjectHideFlags: 0
  m_CorrespondingSourceObject: {fileID: 0}
  m_PrefabInstance: {fileID: 0}
  m_PrefabAsset: {fileID: 0}
  m_GameObject: {fileID: 8712767698206909018}
  serializedVersion: 2
  m_Mass: 20
  m_Drag: 0
  m_AngularDrag: 0.05
  m_UseGravity: 1
  m_IsKinematic: 0
  m_Interpolate: 0
  m_Constraints: 112
  m_CollisionDetection: 0
--- !u!1 &8712767698208337024
GameObject:
  m_ObjectHideFlags: 0
  m_CorrespondingSourceObject: {fileID: 0}
  m_PrefabInstance: {fileID: 0}
  m_PrefabAsset: {fileID: 0}
  serializedVersion: 6
  m_Component:
  - component: {fileID: 8711158440174208354}
  m_Layer: 0
  m_Name: Bip001-R-Finger21
  m_TagString: Untagged
  m_Icon: {fileID: 0}
  m_NavMeshLayer: 0
  m_StaticEditorFlags: 0
  m_IsActive: 1
--- !u!4 &8711158440174208354
Transform:
  m_ObjectHideFlags: 0
  m_CorrespondingSourceObject: {fileID: 0}
  m_PrefabInstance: {fileID: 0}
  m_PrefabAsset: {fileID: 0}
  m_GameObject: {fileID: 8712767698208337024}
  m_LocalRotation: {x: 0.00000042551724, y: 0.00000023558258, z: -0.7073996, w: 0.7068138}
  m_LocalPosition: {x: -0.044051766, y: -0.000000072669984, z: 0.000000012111664}
  m_LocalScale: {x: 1.0000002, y: 1.0000001, z: 0.9999999}
  m_Children: []
  m_Father: {fileID: 8711158442689111158}
  m_RootOrder: 0
  m_LocalEulerAnglesHint: {x: 0, y: 0, z: 0}
